@BOOK{delmoral2004,
	AUTHOR = "Del Moral, Pierre",
	TITLE = "Feynman-Kac Formulae Genealogical and Interacting Particle Systems with Applications",
	PUBLISHER = {Springer-Verlag},
	ADDRESS = {New York, USA},
	YEAR = 2004
}

@article{kalman1960,
  title={A new approach to linear filtering and prediction problems},
  author={Kalman, Rudolph Emil},
  journal={Journal of Fluids Engineering},
  volume={82},
  number={1},
  pages={35--45},
  year={1960},
  publisher={American Society of Mechanical Engineers}
}

@article{schwert2002,
  title={Tests for unit roots: A Monte Carlo investigation},
  author={Schwert, G William},
  journal={Journal of Business \& Economic Statistics},
  volume={20},
  number={1},
  pages={5--17},
  year={2002},
  publisher={Taylor \& Francis}
}

@article{roberts1997,
  title={Weak convergence and optimal scaling of random walk Metropolis algorithms},
  author={Roberts, Gareth O and Gelman, Andrew and Gilks, Walter R and others},
  journal={The annals of applied probability},
  volume={7},
  number={1},
  pages={110--120},
  year={1997},
  publisher={Institute of Mathematical Statistics}
}

@article{black1976,
  title={Studies of stock price volatility changes.},
  author={Black, F.},
  journal={Proceedings of the Meetings of the American Statistical Association},
  year={1976},
  publisher={Business and Economics Statistics Division}
}

@article{johansen1995,
  title={Likelihood-based inference in cointegrated vector autoregressive models},
  author={Johansen, Soren},
  journal={OUP Catalogue},
  year={1995},
  publisher={Oxford university press}
}

@article{johansen1988,
  title={Statistical analysis of cointegration vectors},
  author={Johansen, S{\o}ren},
  journal={Journal of economic dynamics and control},
  volume={12},
  number={2},
  pages={231--254},
  year={1988},
  publisher={Elsevier}
}

@article{kass1995,
  title={Bayes factors},
  author={Kass, Robert E and Raftery, Adrian E},
  journal={Journal of the american statistical association},
  volume={90},
  number={430},
  pages={773--795},
  year={1995},
  publisher={Taylor \& Francis Group}
}

@article{gelfand1994,
  title={Bayesian model choice: asymptotics and exact calculations},
  author={Gelfand, Alan E and Dey, Dipak K},
  journal={Journal of the Royal Statistical Society. Series B (Methodological)},
  pages={501--514},
  year={1994},
  publisher={JSTOR}
}

@article{chib1995,
  title={Marginal likelihood from the Gibbs output},
  author={Chib, Siddhartha},
  journal={Journal of the American Statistical Association},
  volume={90},
  number={432},
  pages={1313--1321},
  year={1995},
  publisher={Taylor \& Francis Group}
}

@article{granger1974,
  title={Spurious regressions in econometrics},
  author={Granger, Clive WJ and Newbold, Paul},
  journal={Journal of econometrics},
  volume={2},
  number={2},
  pages={111--120},
  year={1974},
  publisher={Elsevier}
}

@article{nelson1982,
  title={Trends and random walks in macroeconmic time series: some evidence and implications},
  author={Nelson, Charles R and Plosser, Charles R},
  journal={Journal of monetary economics},
  volume={10},
  number={2},
  pages={139--162},
  year={1982},
  publisher={Elsevier}
}

@article{kim1998,
  title={Stochastic volatility: likelihood inference and comparison with ARCH models},
  author={Kim, Sangjoon and Shephard, Neil and Chib, Siddhartha},
  journal={The Review of Economic Studies},
  volume={65},
  number={3},
  pages={361--393},
  year={1998},
  publisher={Oxford University Press}
}

@article{taylor1982,
  title={Financial returns modelled by the product of two stochastic processes-a study of the daily sugar prices 1961-75},
  author={Taylor, Stephen John},
  journal={Time series analysis: theory and practice},
  volume={1},
  pages={203--226},
  year={1982},
  publisher={North-Holland}
}

@article{engle1986,
  title={Modelling the persistence of conditional variances},
  author={Engle, Robert F and Bollerslev, Tim},
  journal={Econometric reviews},
  volume={5},
  number={1},
  pages={1--50},
  year={1986},
  publisher={Taylor \& Francis}
}

@article{engle1982,
  title={Autoregressive conditional heteroscedasticity with estimates of the variance of United Kingdom inflation},
  author={Engle, Robert F},
  journal={Econometrica: Journal of the Econometric Society},
  pages={987--1007},
  year={1982},
  publisher={JSTOR}
}

@article{engle1987,
  title={Co-integration and error correction: representation, estimation, and testing},
  author={Engle, Robert F and Granger, Clive WJ},
  journal={Econometrica: journal of the Econometric Society},
  pages={251--276},
  year={1987},
  publisher={JSTOR}
}

@incollection{cont2005,
  title={Long range dependence in financial markets},
  author={Cont, Rama},
  booktitle={Fractals in Engineering},
  pages={159--179},
  year={2005},
  publisher={Springer}
}

@article{chernov2000,
  title={A study towards a unified approach to the joint estimation of objective and risk neutral measures for the purpose of options valuation},
  author={Chernov, Mikhail and Ghysels, Eric},
  journal={Journal of financial economics},
  volume={56},
  number={3},
  pages={407--458},
  year={2000},
  publisher={Elsevier}
}

@article{ruiz2008,
  title={Modelling long-memory volatilities with leverage effect: A-LMSV versus FIEGARCH},
  author={Ruiz, Esther and Veiga, Helena},
  journal={Computational Statistics \& Data Analysis},
  volume={52},
  number={6},
  pages={2846--2862},
  year={2008},
  publisher={Elsevier}
}

@article{veiga2006,
  title={A two factor long memory stochastic volatility model},
  author={Veiga, Helena},
  year={2006}
}

@article{harvey1994,
  title={Multivariate stochastic variance models},
  author={Harvey, Andrew and Ruiz, Esther and Shephard, Neil},
  journal={The Review of Economic Studies},
  volume={61},
  number={2},
  pages={247--264},
  year={1994},
  publisher={Oxford University Press}
}

@article{koopman2002,
  title={The stochastic volatility in mean model: empirical evidence from international stock markets},
  author={Koopman, Siem Jan and Hol Uspensky, Eugenie},
  journal={Journal of applied Econometrics},
  volume={17},
  number={6},
  pages={667--689},
  year={2002},
  publisher={Wiley Online Library}
}

@article{andrieu2010,
  title={Particle markov chain monte carlo methods},
  author={Andrieu, Christophe and Doucet, Arnaud and Holenstein, Roman},
  journal={Journal of the Royal Statistical Society: Series B (Statistical Methodology)},
  volume={72},
  number={3},
  pages={269--342},
  year={2010},
  publisher={Wiley Online Library}
}

@article{pitt2012,
  title={On some properties of Markov chain Monte Carlo simulation methods based on the particle filter},
  author={Pitt, Michael K and dos Santos Silva, Ralph and Giordani, Paolo and Kohn, Robert},
  journal={Journal of Econometrics},
  volume={171},
  number={2},
  pages={134--151},
  year={2012},
  publisher={Elsevier}
}

@incollection{kastner2014,
  title={Analysis of Exchange Rates via Multivariate Bayesian Factor Stochastic Volatility Models},
  author={Kastner, Gregor and Fr{\"u}hwirth-Schnatter, Sylvia and Lopes, Hedibert F},
  booktitle={The Contribution of Young Researchers to Bayesian Statistics},
  pages={181--185},
  year={2014},
  publisher={Springer}
}

@article{chan2015,
  title={Modeling Energy Price Dynamics: GARCH versus Stochastic Volatility},
  author={Chan, Joshua CC and Grant, Angelia L},
  year={2015}
}

@article{tran2014,
  title={Importance sampling squared for Bayesian inference in latent variable models},
  author={Tran, Minh-Ngoc and Scharth, Marcel and Pitt, Michael K and Kohn, Robert},
  journal={Available at SSRN 2386371},
  year={2014}
}

@inproceedings{douc2005,
  title={Comparison of resampling schemes for particle filtering},
  author={Douc, Randal and Capp{\'e}, Olivier},
  booktitle={Image and Signal Processing and Analysis, 2005. ISPA 2005. Proceedings of the 4th International Symposium on},
  pages={64--69},
  year={2005},
  organization={IEEE}
}

@article{daoimpact,
  title={Impact Damage Detection in Composites using Nonlinear Vibro-Acoustic Wave Modulations and Cointegration Analysis},
  author={DAO, Phong B and STASZEWSKI, Wieslaw J and KLEPKA, Andrzej and AYMERICH, Francesco},
  year={2014},
}

@book{vidyamurthy2004,
  title={Pairs Trading: quantitative methods and analysis},
  author={Vidyamurthy, Ganapathy},
  volume={217},
  year={2004},
  publisher={John Wiley \& Sons}
}

@article{broussard2012,
  title={Profitability of pairs trading strategy in an illiquid market with multiple share classes},
  author={Broussard, John Paul and Vaihekoski, Mika},
  journal={Journal of International Financial Markets, Institutions and Money},
  volume={22},
  number={5},
  pages={1188--1201},
  year={2012},
  publisher={Elsevier}
}

@article{perlin2009,
  title={Evaluation of pairs-trading strategy at the Brazilian financial market},
  author={Perlin, Marcelo Scherer},
  journal={Journal of Derivatives \& Hedge Funds},
  volume={15},
  number={2},
  pages={122--136},
  year={2009},
  publisher={Nature Publishing Group}
}

@article{gatev2006,
  title={Pairs trading: Performance of a relative-value arbitrage rule},
  author={Gatev, Evan and Goetzmann, William N and Rouwenhorst, K Geert},
  journal={Review of Financial Studies},
  volume={19},
  number={3},
  pages={797--827},
  year={2006},
  publisher={Soc Financial Studies}
}

@article{alexander2002,
  title={The cointegration alpha: Enhanced index tracking and long-short equity market neutral strategies},
  author={Alexander, Carol and Dimitriu, Anca},
  year={2002},
  publisher={ISMA Finance Discussion Paper}
}

@article{dunis2005,
  title={Cointegration portfolios of european equities for index tracking and market neutral strategies},
  author={Dunis, Christian L and Ho, Richard},
  journal={Journal of Asset Management},
  volume={6},
  number={1},
  pages={33--52},
  year={2005},
  publisher={Palgrave Macmillan}
}

@book{chan2009,
  title={Quantitative trading: how to build your own algorithmic trading business},
  author={Chan, Ernie},
  volume={430},
  year={2009},
  publisher={John Wiley \& Sons}
}

@article{dunis2010,
  title={Statistical arbitrage and high-frequency data with an application to Eurostoxx 50 equities},
  author={Dunis, Christian L and Giorgioni, Gianluigi and Laws, Jason and Rudy, Jozef},
  journal={Liverpool Business School, Working paper},
  year={2010}
}

@article{caldeira2013,
  title={Selection of a portfolio of pairs based on cointegration: A statistical arbitrage strategy},
  author={Caldeira, Jo{\~a}o and Moura, Guilherme V},
  journal={Available at SSRN 2196391},
  year={2013}
}

@article{khandani2007,
  title={What Happened to the Quants in August 2007.},
  author={Khandani, A and Lo, A},
  journal={Journal of investment management},
  volume={5},
  number={4},
  pages={29--78},
  year={2007},
  publisher={CFA Institute}
}

@article{avellaneda2010,
  title={Statistical arbitrage in the US equities market},
  author={Avellaneda, Marco and Lee, Jeong-Hyun},
  journal={Quantitative Finance},
  volume={10},
  number={7},
  pages={761--782},
  year={2010},
  publisher={Taylor \& Francis}
}

@article{unwalla_latex_2006,
	title = {{LaTeX} Introduction},
	journal = {Communicator},
	author = {Unwalla, M.},
	year = {2006},
	pages = {33}
}

@misc{plagiarism,
	author = "{Imperial College London}",
	title = "Plagiarism advice for undergraduate students",
	year = "2014",
	url = "http://www3.imperial.ac.uk/library/subjectsandsupport/plagiarism/undergrads",
	note = "[Online; accessed 09-August-2014]"
}

@article{cox_regression_1972,
	title = {Regression Models and Life-Tables},
	volume = {34},
	number = {2},
	journal = {Journal of the Royal Statistical Society. Series B (Methodological)},
	author = {Cox, D. R.},
	year = {1972},
	pages = {187--220}
}

@book{mccullagh_generalized_1989,
	title = {Generalized Linear Models},
	publisher = {Taylor \& Francis},
	author = {McCullagh, P. and Nelder, J.~A.},
	edition = {Second},
	year = {1989}
}

